@book{sturmfels1996grobner,
  title={Grobner bases and convex polytopes},
  author={Sturmfels, Bernd},
  volume={8},
  year={1996},
  publisher={American Mathematical Soc.}
}

@inproceedings{hocsten1995grin,
  title={GRIN: An implementation of Gr{\"o}bner bases for integer programming},
  author={Ho{\c{s}}ten, Serkan and Sturmfels, Bernd},
  booktitle={International Conference on Integer Programming and Combinatorial Optimization},
  pages={267--276},
  year={1995},
  organization={Springer}
}

@article{bertsimas2000new,
  title={A new algebraic geometry algorithm for integer programming},
  author={Bertsimas, Dimitris and Perakis, Georgia and Tayur, Sridhar},
  journal={Management Science},
  volume={46},
  number={7},
  pages={999--1008},
  year={2000},
  publisher={INFORMS}
}

@incollection{ziegler1999grobner,
  title={Gr{\"o}bner bases and integer programming},
  author={Ziegler, G{\"u}nter M},
  booktitle={Some Tapas of Computer Algebra},
  pages={168--183},
  year={1999},
  publisher={Springer}
}

@article{hemmecke2011polynomial,
  title={A polynomial oracle-time algorithm for convex integer minimization},
  author={Hemmecke, Raymond and Onn, Shmuel and Weismantel, Robert},
  journal={Mathematical Programming},
  volume={126},
  number={1},
  pages={97--117},
  year={2011},
  publisher={Springer}
}

@book{conforti2014integer,
  title={Integer programming},
  author={Conforti, Michele and Cornu{\'e}jols, G{\'e}rard and Zambelli, Giacomo and others},
  volume={271},
  year={2014},
  publisher={Springer}
}

@article{brush1967history,
  title={History of the {L}enz-{I}sing model},
  author={Brush, Stephen G},
  journal={Reviews of Modern Physics},
  volume={39},
  number={4},
  pages={883},
  year={1967},
  publisher={APS}
}

@article{king2018emulating,
  title={Emulating the coherent Ising machine with a mean-field algorithm},
  author={King, Andrew D and Bernoudy, William and King, James and Berkley, Andrew J and Lanting, Trevor},
  journal={arXiv preprint arXiv:1806.08422},
  year={2018}
}

@inproceedings{yang2019high,
  title={High performance Monte Carlo simulation of Ising model on TPU clusters},
  author={Yang, Kun and Chen, Yi-Fan and Roumpos, Georgios and Colby, Chris and Anderson, John},
  booktitle={Proceedings of the International Conference for High Performance Computing, Networking, Storage and Analysis},
  pages={1--15},
  year={2019}
}

@article{romero2019performance,
  title={A performance study of the 2D Ising model on GPUs},
  author={Romero, Joshua and Bisson, Mauro and Fatica, Massimiliano and Bernaschi, Massimo},
  journal={arXiv preprint arXiv:1906.06297},
  year={2019}
}

@article{cook2019gpu,
  title={GPU-based Ising computing for solving max-cut combinatorial optimization problems},
  author={Cook, Chase and Zhao, Hengyang and Sato, Takashi and Hiromoto, Masayuki and Tan, Sheldon X-D},
  journal={Integration},
  volume={69},
  pages={335--344},
  year={2019},
  publisher={Elsevier}
}

@article{roques2020heuristic,
  title={Heuristic recurrent algorithms for photonic Ising machines},
  author={Roques-Carmes, Charles and Shen, Yichen and Zanoci, Cristian and Prabhu, Mihika and Atieh, Fadi and Jing, Li and Dub{\v{c}}ek, Tena and Mao, Chenkai and Johnson, Miles R and {\v{C}}eperi{\'c}, Vladimir and others},
  journal={Nature Communications},
  volume={11},
  number={1},
  pages={1--8},
  year={2020},
  publisher={Nature Publishing Group}
}

@article{inagaki2016coherent,
  title={A coherent Ising machine for 2000-node optimization problems},
  author={Inagaki, Takahiro and Haribara, Yoshitaka and Igarashi, Koji and Sonobe, Tomohiro and Tamate, Shuhei and Honjo, Toshimori and Marandi, Alireza and McMahon, Peter L and Umeki, Takeshi and Enbutsu, Koji and others},
  journal={Science},
  volume={354},
  number={6312},
  pages={603--606},
  year={2016},
  publisher={American Association for the Advancement of Science}
}

@misc{yavorsky2019highly,
    title={Highly parallel algorithm for the Ising ground state searching problem},
    author={A. Yavorsky and L. A. Markovich and E. A. Polyakov and A. N. Rubtsov},
    year={2019},
    eprint={1907.05124},
    archivePrefix={arXiv},
    primaryClass={quant-ph}
}

@article{aramon2019physics,
  title={Physics-inspired optimization for quadratic unconstrained problems using a digital annealer},
  author={Aramon, Maliheh and Rosenberg, Gili and Valiante, Elisabetta and Miyazawa, Toshiyuki and Tamura, Hirotaka and Katzgrabeer, Helmut},
  journal={Frontiers in Physics},
  volume={7},
  pages={48},
  year={2019},
  publisher={Frontiers}
}

@article{hamerly2019experimental,
  title={Experimental investigation of performance differences between coherent Ising machines and a quantum annealer},
  author={Hamerly, Ryan and Inagaki, Takahiro and McMahon, Peter L and Venturelli, Davide and Marandi, Alireza and Onodera, Tatsuhiro and Ng, Edwin and Langrock, Carsten and Inaba, Kensuke and Honjo, Toshimori and others},
  journal={Science advances},
  volume={5},
  number={5},
  pages={eaau0823},
  year={2019},
  publisher={American Association for the Advancement of Science}
}

@article{farhi2014quantum,
  title={A quantum approximate optimization algorithm},
  author={Farhi, Edward and Goldstone, Jeffrey and Gutmann, Sam},
  journal={arXiv preprint arXiv:1411.4028},
  year={2014}
}

@inproceedings{hadfield2017quantum,
  title={Quantum approximate optimization with hard and soft constraints},
  author={Hadfield, Stuart and Wang, Zhihui and Rieffel, Eleanor G and O'Gorman, Bryan and Venturelli, Davide and Biswas, Rupak},
  booktitle={Proceedings of the Second International Workshop on Post Moores Era Supercomputing},
  pages={15--21},
  year={2017}
}

@article{hadfield2019quantum,
  title={From the quantum approximate optimization algorithm to a quantum alternating operator ansatz},
  author={Hadfield, Stuart and Wang, Zhihui and Oâ€™Gorman, Bryan and Rieffel, Eleanor G and Venturelli, Davide and Biswas, Rupak},
  journal={Algorithms},
  volume={12},
  number={2},
  pages={34},
  year={2019},
  publisher={Multidisciplinary Digital Publishing Institute}
}

@article{alghassi2019quantum,
  title={Quantum and Quantum-inspired Methods for de novo Discovery of Altered Cancer Pathways},
  author={Alghassi, Hedayat and Dridi, Raouf and Robertson, A Gordon and Tayur, Sridhar},
  journal={bioRxiv},
  pages={845719},
  year={2019},
  publisher={Cold Spring Harbor Laboratory}
}
@article{alghassi2019gama,
  title={GAMA: A Novel Algorithm for Non-Convex Integer Programs},
  author={Alghassi, Hedayat and Dridi, Raouf and Tayur, Sridhar},
  journal={arXiv preprint arXiv:1907.10930},
  year={2019}
}

@article{alghassi2019graver,
  title={Graver bases via quantum annealing with application to non-linear integer programs},
  author={Alghassi, Hedayat and Dridi, Raouf and Tayur, Sridhar},
  journal={arXiv preprint arXiv:1902.04215},
  year={2019}
}

@article{mcgeoch2020theory,
  title={Theory versus practice in annealing-based quantum computing},
  author={McGeoch, Catherine C},
  journal={Theoretical Computer Science},
  volume={816},
  pages={169--183},
  year={2020},
  publisher={Elsevier}
}

@article{tiunov2019annealing,
  title={Annealing by simulating the coherent Ising machine},
  author={Tiunov, Egor S and Ulanov, Alexander E and Lvovsky, AI},
  journal={Optics express},
  volume={27},
  number={7},
  pages={10288--10295},
  year={2019},
  publisher={Optical Society of America}
}

@article{kirkpatrick1983optimization,
  title={Optimization by simulated annealing},
  author={Kirkpatrick, Scott and Gelatt, C Daniel and Vecchi, Mario P},
  journal={Science},
  volume={220},
  number={4598},
  pages={671--680},
  year={1983},
  publisher={American Association for the Advancement of Science}
}

@article{albash2018adiabatic,
  title={Adiabatic quantum computation},
  author={Albash, Tameem and Lidar, Daniel A},
  journal={Reviews of Modern Physics},
  volume={90},
  number={1},
  pages={015002},
  year={2018},
  publisher={APS}
}

@article{young2008size,
  title={Size dependence of the minimum excitation gap in the quantum adiabatic algorithm},
  author={Young, A Peter and Knysh, Sergey and Smelyanskiy, Vadim N},
  journal={Physical Review Letters},
  volume={101},
  number={17},
  pages={170503},
  year={2008},
  publisher={APS}
}

@article{chou2019analog,
  title={Analog Coupled Oscillator Based Weighted Ising Machine},
  author={Chou, Jeffrey and Bramhavar, Suraj and Ghosh, Siddhartha and Herzog, William},
  journal={Scientific Reports},
  volume={9},
  number={1},
  pages={1--10},
  year={2019},
  publisher={Nature Publishing Group}
}

@article{koulamas1994survey,
  title={A survey of simulated annealing applications to operations research problems},
  author={Koulamas, Christos and Antony, SR and Jaen, R},
  journal={Omega},
  volume={22},
  number={1},
  pages={41--56},
  year={1994},
  publisher={Elsevier}
}

@article{metropolis1953equation,
  title={Equation of state calculations by fast computing machines},
  author={Metropolis, Nicholas and Rosenbluth, Arianna W and Rosenbluth, Marshall N and Teller, Augusta H and Teller, Edward},
  journal={The Journal of Chemical Physics},
  volume={21},
  number={6},
  pages={1087--1092},
  year={1953},
  publisher={American Institute of Physics}
}

@article{troyer2005computational,
  title={Computational complexity and fundamental limitations to fermionic quantum Monte Carlo simulations},
  author={Troyer, Matthias and Wiese, Uwe-Jens},
  journal={Physical Review Letters},
  volume={94},
  number={17},
  pages={170201},
  year={2005},
  publisher={APS}
}

@article{kadowaki1998quantum,
  title={Quantum annealing in the transverse Ising model},
  author={Kadowaki, Tadashi and Nishimori, Hidetoshi},
  journal={Physical Review E},
  volume={58},
  number={5},
  pages={5355},
  year={1998},
  publisher={APS}
}

@article{farhi2001quantum,
  title={A quantum adiabatic evolution algorithm applied to random instances of an NP-complete problem},
  author={Farhi, Edward and Goldstone, Jeffrey and Gutmann, Sam and Lapan, Joshua and Lundgren, Andrew and Preda, Daniel},
  journal={Science},
  volume={292},
  number={5516},
  pages={472--475},
  year={2001},
  publisher={American Association for the Advancement of Science}
}

@article{santoro2006optimization,
  title={Optimization using quantum mechanics: quantum annealing through adiabatic evolution},
  author={Santoro, Giuseppe E and Tosatti, Erio},
  journal={Journal of Physics A: Mathematical and General},
  volume={39},
  number={36},
  pages={R393},
  year={2006},
  publisher={IOP Publishing}
}

@article{bortz1975new,
  title={A new algorithm for Monte Carlo simulation of Ising spin systems},
  author={Bortz, Alfred B and Kalos, Malvin H and Lebowitz, Joel L},
  journal={Journal of Computational Physics},
  volume={17},
  number={1},
  pages={10--18},
  year={1975},
  publisher={Elsevier}
}

@inproceedings{coffrin2019evaluating,
  title={Evaluating Ising processing units with integer programming},
  author={Coffrin, Carleton and Nagarajan, Harsha and Bent, Russell},
  booktitle={International Conference on Integration of Constraint Programming, Artificial Intelligence, and Operations Research},
  pages={163--181},
  year={2019},
  organization={Springer}
}

@article{dunning2018works,
  title={What works best when? A systematic evaluation of heuristics for Max-Cut and QUBO},
  author={Dunning, Iain and Gupta, Swati and Silberholz, John},
  journal={INFORMS Journal on Computing},
  volume={30},
  number={3},
  pages={608--624},
  year={2018},
  publisher={INFORMS}
}

@article{lucas2014ising,
  title={Ising formulations of many NP problems},
  author={Lucas, Andrew},
  journal={Frontiers in Physics},
  volume={2},
  pages={5},
  year={2014},
  publisher={Frontiers}
}

@article{bernal2019integer,
  title={Integer programming techniques for minor-embedding in quantum annealers},
  author={Bernal, David E and Booth, Kyle EC and Dridi, Raouf and Alghassi, Hedayat and Tayur, Sridhar and Venturelli, Davide},
  journal={arXiv preprint arXiv:1912.08314},
  year={2019}
}

@article{dridi2018novel,
  title={A novel algebraic geometry compiling framework for adiabatic quantum computations},
  author={Dridi, Raouf and Alghassi, Hedayat and Tayur, Sridhar},
  journal={arXiv preprint arXiv:1810.01440},
  year={2018}
}

@article{dridi2019knuth,
  title={Knuth-Bendix Completion Algorithm and Shuffle Algebras For Compiling NISQ Circuits},
  author={Dridi, Raouf and Alghassi, Hedayat and Tayur, Sridhar},
  journal={arXiv preprint arXiv:1905.00129},
  year={2019}
}

@article{mcmahon2016fully,
  title={A fully programmable 100-spin coherent Ising machine with all-to-all connections},
  author={McMahon, Peter L and Marandi, Alireza and Haribara, Yoshitaka and Hamerly, Ryan and Langrock, Carsten and Tamate, Shuhei and Inagaki, Takahiro and Takesue, Hiroki and Utsunomiya, Shoko and Aihara, Kazuyuki and others},
  journal={Science},
  volume={354},
  number={6312},
  pages={614--617},
  year={2016},
  publisher={American Association for the Advancement of Science}
}

@article{tayur1995algebraic,
  title={An algebraic geometry algorithm for scheduling in presence of setups and correlated demands},
  author={Tayur, Sridhar R and Thomas, Rekha R and Natraj, NR},
  journal={Mathematical Programming},
  volume={69},
  number={1-3},
  pages={369--401},
  year={1995},
  publisher={Springer}
}

@article{yamaoka201520k,
  title={A 20k-spin Ising chip to solve combinatorial optimization problems with CMOS annealing},
  author={Yamaoka, Masanao and Yoshimura, Chihiro and Hayashi, Masato and Okuyama, Takuya and Aoki, Hidetaka and Mizuno, Hiroyuki},
  journal={IEEE Journal of Solid-State Circuits},
  volume={51},
  number={1},
  pages={303--309},
  year={2015},
  publisher={IEEE}
}

@article{dridi2019minimizing,
  title={Minimizing polynomial functions on quantum computers},
  author={Dridi, Raouf and Alghassi, Hedayat and Tayur, Sridhar},
  journal={arXiv preprint arXiv:1903.08270},
  year={2019}
}

@article{dridi2017prime,
  title={Prime factorization using quantum annealing and computational algebraic geometry},
  author={Dridi, Raouf and Alghassi, Hedayat},
  journal={Scientific reports},
  volume={7},
  pages={43048},
  year={2017},
  publisher={Nature Publishing Group}
}

@article{das2008colloquium,
  title = {Colloquium: Quantum annealing and analog quantum computation},
  author = {Das, Arnab and Chakrabarti, Bikas K.},
  journal = {Rev. Mod. Phys.},
  volume = {80},
  issue = {3},
  pages = {1061--1081},
  numpages = {0},
  year = {2008},
  month = {Sep},
  publisher = {American Physical Society},
  doi = {10.1103/RevModPhys.80.1061},
  url = {https://link.aps.org/doi/10.1103/RevModPhys.80.1061}
}

@article{sherrington1975solvable,
  title = {Solvable Model of a Spin-Glass},
  author = {Sherrington, David and Kirkpatrick, Scott},
  journal = {Phys. Rev. Lett.},
  volume = {35},
  issue = {26},
  pages = {1792--1796},
  numpages = {0},
  year = {1975},
  month = {Dec},
  publisher = {American Physical Society},
  doi = {10.1103/PhysRevLett.35.1792},
  url = {https://link.aps.org/doi/10.1103/PhysRevLett.35.1792}
}

@article{ray1989sherrington,
  title = {Sherrington-Kirkpatrick model in a transverse field: Absence of replica symmetry breaking due to quantum fluctuations},
  author = {Ray, P. and Chakrabarti, B. K. and Chakrabarti, Arunava},
  journal = {Phys. Rev. B},
  volume = {39},
  issue = {16},
  pages = {11828--11832},
  numpages = {0},
  year = {1989},
  month = {Jun},
  publisher = {American Physical Society},
  doi = {10.1103/PhysRevB.39.11828},
  url = {https://link.aps.org/doi/10.1103/PhysRevB.39.11828}
}

@inproceedings{wang2019oim,
  title={OIM: Oscillator-based Ising Machines for Solving Combinatorial Optimisation Problems},
  author={Wang, Tianshi and Roychowdhury, Jaijeet},
  booktitle={International Conference on Unconventional Computation and Natural Computation},
  pages={232--256},
  year={2019},
  organization={Springer}
}

@article{johnson_quantum_2011,
	title = {Quantum annealing with manufactured spins},
	volume = {473},
	copyright = {Â© 2011 Nature Publishing Group, a division of Macmillan Publishers Limited. All Rights Reserved.},
	issn = {0028-0836},
	url = {https://www.nature.com/nature/journal/v473/n7346/full/nature10012.html},
	doi = {10.1038/nature10012},
	abstract = {Many interesting but practically intractable problems can be reduced to that of finding the ground state of a system of interacting spins; however, finding such a ground state remains computationally difficult. It is believed that the ground state of some naturally occurring spin systems can be effectively attained through a process called quantum annealing. If it could be harnessed, quantum annealing might improve on known methods for solving certain types of problem. However, physical investigation of quantum annealing has been largely confined to microscopic spins in condensed-matter systems. Here we use quantum annealing to find the ground state of an artificial Ising spin system comprising an array of eight superconducting flux quantum bits with programmable spinâ€“spin couplings. We observe a clear signature of quantum annealing, distinguishable from classical thermal annealing through the temperature dependence of the time at which the system dynamics freezes. Our implementation can be configured in situ to realize a wide variety of different spin networks, each of which can be monitored as it moves towards a low-energy configuration. This programmable artificial spin network bridges the gap between the theoretical study of ideal isolated spin networks and the experimental investigation of bulk magnetic samples. Moreover, with an increased number of spins, such a system may provide a practical physical means to implement a quantum algorithm, possibly allowing more-effective approaches to solving certain classes of hard combinatorial optimization problems.},
	language = {en},
	number = {7346},
	urldate = {2017-05-19},
	journal = {Nature},
	author = {Johnson, M. W. and Amin, M. H. S. and Gildert, S. and Lanting, T. and Hamze, F. and Dickson, N. and Harris, R. and Berkley, A. J. and Johansson, J. and Bunyk, P. and Chapple, E. M. and Enderud, C. and Hilton, J. P. and Karimi, K. and Ladizinsky, E. and Ladizinsky, N. and Oh, T. and Perminov, I. and Rich, C. and Thom, M. C. and Tolkacheva, E. and Truncik, C. J. S. and Uchaikin, S. and Wang, J. and Wilson, B. and Rose, G.},
	month = may,
	year = {2011},
	keywords = {Applied physics and engineering, Physics},
	pages = {194--198},
	file = {Snapshot:/Users/alquant/Zotero/storage/UUZSUGAP/nature10012.html:text/html}
}